<?xml version="1.0" encoding="UTF-8"?><collection xmlns="http://www.loc.gov/MARC21/slim"><record><leader>00396nam--2200121-i-4500</leader><controlfield tag="001">000037091</controlfield><controlfield tag="002">20161230</controlfield><controlfield tag="005">20161230201041</controlfield><controlfield tag="008">060222s1000------------r-----000-0-eng-d</controlfield><datafield ind1=" " ind2=" " tag="080"><subfield code="a">681.2</subfield></datafield><datafield ind1=" " ind2=" " tag="245"><subfield code="a">Masuri si aparate de masurat fabricate si folosite in r.p.r. aparate de cintarit</subfield></datafield><datafield ind1=" " ind2=" " tag="260"><subfield code="a">Bucuresti, Directia Generala Pentru Energie, Metrologie, Standarde Si Inventii, 1960. 135p</subfield></datafield><datafield ind1=" " ind2=" " tag="852"><subfield code="a">7186</subfield></datafield></record></collection>